% grammar
@book{noreen1923altislandische,
  title     = {Altisl{\"a}ndische und altnorwegische Grammatik (Laut-und Flexionslehre) unter Ber{\"u}cksichtigung des Urnordischen},
  author    = {Noreen, Adolf},
  volume    = {1},
  year      = {1923},
  publisher = {M. Niemeyer}
}
@book{barnes1999new,
  title     = {A new introduction to Old Norse},
  author    = {Barnes, Michael and Faulkes, Anthony},
  year      = {1999},
  publisher = {Viking Society for Northern Research}
}
@book{gordon1927introduction,
  title     = {An introduction to old Norse},
  author    = {Gordon, Eric Valentine},
  year      = {1927},
  publisher = {Clarendon Press}
}
@book{haugen2009norrone,
  title     = {Norr{\"o}ne Grammatik im {\"U}berblick},
  author    = {Haugen, Odd Einar},
  year      = {2009},
  publisher = {Odd Einar Haugen}
}
@book{fulk2018comparative,
  title     = {A comparative grammar of the early Germanic languages},
  author    = {Fulk, Robert Dennis},
  volume    = {3},
  year      = {2018},
  publisher = {John Benjamins Publishing Company Amsterdam}
}
@book{faarlund2004syntax,
  title     = {The syntax of Old Norse: With a survey of the inflectional morphology and a complete bibliography},
  author    = {Faarlund, Jan Terje},
  year      = {2004},
  publisher = {Oxford University Press on Demand}
}
% prosody
@article{kiparsky2009syncope,
  title   = {Syncope, umlaut, and prosodic structure in early Germanic},
  author  = {Kiparsky, Paul},
  journal = {Manuscript, Stanford University. https://web. stanford. edu/\~{} kiparsky/Papers/weakpreterite. 2006b. pdf.(Retrieved on 23.07. 2020)},
  year    = {2009}
}
@article{schalin2021nordic,
  title   = {Nordic umlaut, contrastive features and stratal phonology.},
  author  = {Schalin, Johan},
  journal = {Nordlyd},
  volume  = {45},
  number  = {1},
  year    = {2021}
}
@article{iverson2004conundrum,
  title     = {The conundrum of Old Norse umlaut: Sound change versus crisis analogy},
  author    = {Iverson, Gregory K and Salmons, Joseph C},
  journal   = {Journal of Germanic Linguistics},
  volume    = {16},
  number    = {1},
  pages     = {77--110},
  year      = {2004},
  publisher = {Cambridge University Press}
}
@article{iverson2012paradigm,
  title     = {Paradigm resolution in the life cycle of Norse umlaut},
  author    = {Iverson, Gregory K and Salmons, Joseph C},
  journal   = {Journal of Germanic Linguistics},
  volume    = {24},
  number    = {2},
  pages     = {101--131},
  year      = {2012},
  publisher = {Cambridge University Press}
}
@article{heimisdottir2014phonological,
  title   = {Phonological opacity and Icelandic preaspiration},
  author  = {Heimisd{\'o}ttir, Linda {\"O}},
  journal = {University of Pennsylvania Working Papers in Linguistics},
  volume  = {20},
  number  = {1},
  pages   = {16},
  year    = {2014}
}
@misc{fertig2018analogy,
  title  = {Analogy, plain and simple: the development of exceptions to Sievers’ law in Gothic and umlaut alternations in Old Norse short-stem class-I weak verbs. Slides from a presentation at the 21st International Conference on Historical Linguistics, Oslo},
  author = {Fertig, D},
  year   = {2018}
}
@book{kock1887omljudet,
  title  = {I-omljudet och den samnordiska f{\"o}rlusten af {\"a}ndelsevokaler},
  author = {Kock, Axel},
  year   = {1887}
}
@article{kock1898umlaut,
  title     = {DER A-UMLAUT UND DER WECHSEL DER ENDVOCALE A: I (E) IN DEN ALTNORDISCHEN SPRACHEN.},
  author    = {Kock, Axel},
  year      = {1898},
  publisher = {Niemeyer, T{\"u}bingen T{\"u}bingen}
}
% language history
@book{ringe2017proto,
  title     = {From Proto-Indo-European to Proto-Germanic},
  author    = {Ringe, Donald A},
  volume    = {1},
  year      = {2017},
  publisher = {Oxford University Press}
}
@article{benediktsson1982nordic,
  title     = {Nordic umlaut and breaking thirty years of research (1951--1980)},
  author    = {Benediktsson, Hreinn},
  journal   = {Nordic Journal of Linguistics},
  volume    = {5},
  number    = {1},
  pages     = {1--60},
  year      = {1982},
  publisher = {Cambridge University Press}
}
% dictionary
@incollection{kroonen2013etymological,
  title     = {Etymological dictionary of proto-Germanic},
  author    = {Kroonen, Guus},
  booktitle = {Etymological Dictionary of Proto-Germanic},
  year      = {2013},
  publisher = {Brill}
}
@book{cleasby1874icelandic,
  title     = {An icelandic-english dictionary},
  author    = {Cleasby, Richard and Vigfusson, Gudbrand},
  year      = {1874},
  publisher = {Clarendon Press}
}
@book{zoega2004concise,
  title     = {A Concise Dictionary of Old Icelandic},
  author    = {Zoega, Geir T},
  volume    = {41},
  year      = {2004},
  publisher = {University of Toronto Press}
}
@book{magnusson1989islensk,
  title     = {{\'I}slensk or{\dh}sifjab{\'o}k},
  author    = {Magn{\'u}sson, {\'A}sgeir Bl{\"o}ndal},
  year      = {1989},
  publisher = {Or{\dh}ab{\'o}k H{\'a}sk{\'o}lans}
}
% poetic edda
@article{townend2012ottarr,
  title     = {{\'O}ttarr svarti, Hǫfu{\dh}lausn 8},
  author    = {Townend, Matthew},
  journal   = {Skaldic Poetry of the Scandinavian Middle Ages},
  volume    = {1},
  pages     = {750--750},
  year      = {2012},
  publisher = {Skaldic Project; Brepols}
}
@book{thorpe1866edda,
  title     = {Edda S{\ae}mundar Hinns Fr{\^o}{\dh}a: The Edda of S{\ae}mund the Learned. From the Old Norse Or Icelandic, with a Mythological Index},
  author    = {Thorpe, Benjamin},
  volume    = {2},
  year      = {1866},
  publisher = {Tr{\"u}bner}
}
@misc{bellows1936poetic,
  title     = {The Poetic Edda: Translated from the Icelandic with an Introduction and Notes},
  author    = {Bellows, Henry Adams},
  year      = {1936},
  publisher = {Princeton University Press. American Scandinavian Foundation}
}
@book{crawford2015poetic,
  title     = {The Poetic Edda: Stories of the Norse Gods and Heroes},
  author    = {Crawford, Jackson},
  year      = {2015},
  publisher = {Hackett Publishing}
}
% prose edda
@book{vigfusson1879icelandic,
  title     = {An Icelandic Prose Reader with Notes, Grammar and Glossary by Dr. Gudbrand Vigfusson and F. York Powell},
  author    = {Vigfusson, Gudbrand and Powell, Frederick York},
  year      = {1879},
  publisher = {at the Clarendon Press}
}
@book{sveinsson1954islenzk,
  title     = {{\'I}slenzk fornrit: bd. Brennu-nj{\'a}ls saga},
  author    = {Sveinsson, Einar {\'O}l and Nordal, Sigur{\dh}ur and {\TH}or{\dh}arson, Math{\'\i}as and J{\'o}nsson, Gu{\dh}ni},
  volume    = {12},
  year      = {1954},
  publisher = {Hi{\dh} {\'\i}slenzka fornritaf{\'e}lag}
}
% FGT
@article{haugen1950first,
  title     = {First grammatical treatise. The earliest Germanic phonology},
  author    = {Haugen, Einar},
  journal   = {Language},
  volume    = {26},
  number    = {4},
  pages     = {4--64},
  year      = {1950},
  publisher = {JSTOR}
}
% gragas
@book{dennis2000laws,
  title     = {Laws of Early Iceland: Gr{\'a}g{\'a}s II},
  author    = {Dennis, Andrew and Foote, Peter},
  volume    = {4},
  year      = {2000},
  publisher = {Univ. of Manitoba Press}
}